@article{avec2016,
	author    = {Michel F. Valstar and
	               Jonathan Gratch and
	               Bj{\"{o}}rn W. Schuller and
	               Fabien Ringeval and
	               Denis Lalanne and
	               Mercedes Torres and
	               Stefan Scherer and
	               Giota Stratou and
	               Roddy Cowie and
	               Maja Pantic},
	title     = {{AVEC} 2016 - Depression, Mood, and Emotion Recognition Workshop and
	               Challenge},
	journal   = {CoRR},
	volume    = {abs/1605.01600},
	year      = {2016},
	url       = {\url{http://arxiv.org/abs/1605.01600}},
	timestamp = {Wed, 01 Jun 2016 15:51:09 +0200},
	biburl    = {\url{http://dblp.uni-trier.de/rec/bib/journals/corr/ValstarGSRLTSSC16}},
	bibsource = {dblp computer science bibliography, http://dblp.org}
}

@article{nvsr2016,
	author    = {Jiaquan Xu, M.D. and
			Sheery L. Murphy, B.S. and
			Kenneth D. Kochanek, M.A. and
			Brigham A. Bastian, B.S.},
	title     = {Deaths: Final Data for 2013},
	journal   = {National Vital Statistics Reports},
	volume    = {Vol 64, No. 2},
	year      = {2016},
	url       = {\url{http://www.cdc.gov/nchs/data/nvsr/nvsr64/nvsr64_02.pdf}}
}

@techreport{who2004,
	author      = {{World Health Organization}},
	title       = "The global burden of disease: 2004 update",
	institution = "World Health Organization",
	year        = "2004"
}

@article{arcp2009,
	author  = "Amy Fiske and Julie Loebach Wetherell and Margaret Gatz",
	title   = "Depression in Older Adults",
	journal = "Annual Review of Clinical Psychology",
	year    = "2009",
	volume  = "5",
	pages   = "363-389"
}

@article{jama2003,
	author = {Kessler RC and Berglund P and Demler O and et al},
	title = {The epidemiology of major depressive disorder: Results from the national comorbidity survey replication (ncs-r)},
	journal = {JAMA},
	volume = {289},
	number = {23},
	pages = {3095-3105},
	year = {2003},
	doi = {10.1001/jama.289.23.3095},
	URL = { + http://dx.doi.org/10.1001/jama.289.23.3095},
}

@article{tjcp2015,
    author  = "Paul E. Greenberg and Andree-Anne Fournier and Tammy Sisitsky and Crystal T. Pike and Ronald C. Kessler",
    title   = "The Economic Burden of Adults with Major Depressive Disorder in the United States",
    journal = "The Journal of Clinical Psychiatry",
    year    = "2015",
    volume  = "76",
    number  = "2",
    pages   = "155-162",
    month   = "feb"
}